<?xml version="1.0" encoding="UTF-8"?><collection xmlns="http://www.loc.gov/MARC21/slim"><record><leader>00524nam--2200181-i-4500</leader><controlfield tag="001">000004780</controlfield><controlfield tag="002">20161230</controlfield><controlfield tag="005">20161230201026</controlfield><controlfield tag="008">060222s1000------------r-----000-0-eng-d</controlfield><datafield ind1=" " ind2=" " tag="040"><subfield code="a">IFIN-HH</subfield></datafield><datafield ind1=" " ind2=" " tag="080"><subfield code="a">530.16</subfield></datafield><datafield ind1="1" ind2=" " tag="100"><subfield code="a">Pines, David</subfield></datafield><datafield ind1="1" ind2="0" tag="245"><subfield code="a">The many-body problem</subfield><subfield code="b">A lecture note and reprint volume</subfield><subfield code="c">David pines</subfield></datafield><datafield ind1=" " ind2=" " tag="260"><subfield code="a">New York</subfield><subfield code="b">W.A. Benjamin, Inc</subfield><subfield code="c">1961</subfield></datafield><datafield ind1=" " ind2=" " tag="300"><subfield code="a">457P</subfield></datafield><datafield ind1=" " ind2=" " tag="490"><subfield code="a">Frontiers In Physics; A Lecture Note And Reprint Series</subfield></datafield><datafield ind1=" " ind2=" " tag="852"><subfield code="a">17429</subfield><subfield code="c">539.141</subfield></datafield><datafield ind1=" " ind2=" " tag="CAT"><subfield code="a">Sys</subfield><subfield code="c">20120611</subfield><subfield code="h">134321</subfield></datafield></record></collection>